@book{aiw,
  title     = {Alice's Adventures in Wonderland},
  author    = {Lewis Carroll},
  publisher = {George MacDonald},
  year      = 1865
}
@book{aia,
  title     = {Alice's Adventures in Wonderland},
  author    = {Lewis Carroll},
  publisher = {George MacDonald},
  year      = 1865
}
@book{mcs,
  title     = {Mathematics for Computer Science},
  author    = {Lehman, E. and Leighton, F.T. and Meyer, A.R.},
  isbn      = {9781680921212},
  url       = {https://books.google.co.th/books?id=EdOQswEACAAJ},
  year      = {2017},
  publisher = {12th Media Services}
}
@book{alg-design,
  author    = {Kleinberg, Jon and Tardos, Eva},
  title     = {Algorithm Design},
  year      = {2005},
  isbn      = {0321295358},
  publisher = {Addison-Wesley Longman Publishing Co., Inc.},
  address   = {USA}
}